<?xml version="1.0" encoding="UTF-8"?><collection xmlns="http://www.loc.gov/MARC21/slim"><record><leader>00513nam--2200193-u-4500</leader><controlfield tag="001">000053881</controlfield><controlfield tag="002">20161230</controlfield><controlfield tag="005">20161230201051</controlfield><controlfield tag="008">110629s1000------------r-----000-0-rus-d</controlfield><datafield ind1=" " ind2=" " tag="040"><subfield code="a">IFIN-HH</subfield></datafield><datafield ind1=" " ind2=" " tag="041"><subfield code="a">rus</subfield></datafield><datafield ind1=" " ind2=" " tag="080"><subfield code="a">536.312.62</subfield></datafield><datafield ind1="1" ind2=" " tag="100"><subfield code="a">Moskalenko, V.A</subfield></datafield><datafield ind1="1" ind2="0" tag="245"><subfield code="a">Tunnelnie svoystva sverkhprovodiashchikh splavov</subfield><subfield code="c">V.a. moskalenko; yu.n. nika; d.f. digor</subfield></datafield><datafield ind1=" " ind2=" " tag="260"><subfield code="a">Kisinev</subfield><subfield code="b">Stiinta</subfield><subfield code="c">1978</subfield></datafield><datafield ind1=" " ind2=" " tag="300"><subfield code="a">82P</subfield></datafield><datafield ind1="1" ind2=" " tag="700"><subfield code="a">Digor, D.F</subfield></datafield><datafield ind1=" " ind2=" " tag="852"><subfield code="a">77405</subfield><subfield code="c">537:538</subfield></datafield><datafield ind1=" " ind2=" " tag="CAT"><subfield code="a">Sys</subfield><subfield code="c">20110629</subfield><subfield code="h">144620</subfield></datafield></record></collection>